@string{JMLR = "Journal of Machine Learning Research"}
%@string{JMLR = "JMRL"}

@string{BMVC = "BMVC"}

@string{PAMI = "PAMI"}
@string{PAMI = "IEEE Trans. on Pattern Analysis and Machine Intelligence"}

@string{TPAMI = "PAMI"}
@string{TPAMI = "IEEE Trans. on Pattern Analysis and Machine Intelligence"}

@string{CVIU = "Computer Vision and Image Understanding"}
@string{CVIU = "CVIU"}

@string{WACV = "WACV"}
@string{WACV = "IEEE Winter Conference on Applications of Computer Vision"}

@string{PR = "Pattern Recognition"}
@string{PR = "PR"}

@string{ICCV = "ICCV"}
@string{ICCV = "International Conference on Computer Vision"}

@string{CVPR = "CVPR"}
@string{CVPR = "IEEE Conference on Computer Vision and Pattern Recognition"}

@string{IJCV = "IJCV"}
@string{IJCV = "International Journal of Computer Vision"}

@string{ICML = "ICML"}
@string{ICML = "International Conference on Machine Learning"}

@string{ECCV = "ECCV"}
@string{ECCV = "European Conference on Computer Vision"}

@string{ACCV = "ACCV"}

@string{NIPS = "NIPS"}
@string{NIPS = "Advances in Neural Information Processing Systems"}

%% Amodal references %%

@book{palmer1999vision,
  title={Vision science: Photons to phenomenology},
  author={Palmer, Stephen E},
  year={1999},
  publisher={MIT press Cambridge, MA}
}

@book{Hoiem:book,
  title={Representations and techniques for 3D object recognition and scene interpretation},
  author={Hoiem, D. and Savarese, S.},
  year={2011},
  publisher={Morgan \& Claypool Publishers}
}

@article{burton45, 
author = {Harry Edwin Burton}, 
journal = {J. Opt. Soc. Am.}, 
title = {The Optics of Euclid},
year = {1945}
}

@article{hoiem2008putting,
  title={Putting objects in perspective},
  author={Hoiem, Derek and Efros, Alexei A and Hebert, Martial},
  journal=IJCV,
  year={2008}
}

@inproceedings{gupta2010blocks,
  title={Blocks world revisited: Image understanding using qualitative geometry and mechanics},
  author={Gupta, Abhinav and Efros, Alexei A and Hebert, Martial},
  booktitle=ECCV,
  year={2010}
}

@article{zia2013detailed,
  title={Detailed 3d representations for object recognition and modeling},
  author={Zia, M Zeeshan and Stark, Michael and Schiele, Bernt and Schindler, Konrad},
  journal=TPAMI,
  year={2013}
}

@inproceedings{lalonde2007photo,
  title={Photo clip art},
  author={Lalonde, Jean-Fran{\c{c}}ois and Hoiem, Derek and Efros, Alexei A and Rother, Carsten and Winn, John and Criminisi, Antonio},
  booktitle={ACM Transactions on Graphics (TOG)},
  year={2007}
}

@inproceedings{russell2009building,
  title={Building a database of 3d scenes from user annotations},
  author={Russell, Bryan C and Torralba, Antonio},
  booktitle= CVPR,
  year={2009}
}

@Book{Hartley2004,
  title={Multiple view geometry in computer vision},
  author={Hartley, Richard and Zisserman, Andrew},
  year={2003},
  publisher={Cambridge university press}
}

@book{shipley2001fragments,
  title={From fragments to objects: Segmentation and grouping in vision},
  author={Shipley, Thomas F and Kellman, Philip J},
  volume={130},
  year={2001},
  publisher={Elsevier}
}

@book{kanizsa1979organization,
  title={Organization in vision: Essays on Gestalt perception},
  author={Kanizsa, Gaetano},
  year={1979},
  publisher={Praeger Publishers}
}

@article{breckon2005amodal,
  title={Amodal volume completion: 3D visual completion},
  author={Breckon, Toby P and Fisher, Robert B},
  journal={Computer Vision and Image Understanding},
  year={2005}
}

@inproceedings{pascal3d,
  author = {Xiang, Yu and Mottaghi, Roozbeh and Savarese, Silvio},
  title = {Beyond PASCAL: A Benchmark for 3D Object Detection in the Wild},
  booktitle=WACV,
  year={2014}
}

@Article{simonyan2014very,
    author       = "Simonyan, K. and Zisserman, A.",
    title        = "Very Deep Convolutional Networks for Large-Scale Image Recognition",
    journal      = "CoRR",
    volume       = "abs/1409.1556",
    year         = "2014"
}

@inproceedings{Lecun1989,
        title = {Backpropagation applied to hand-written zip code recognition},
        booktitle = {Neural Computation},
        author = {Yang LeCun and B. Boser and J.S. Denker and D. Henderson and R. E. Howard and W. Hubbard and L. D. Jackel},
        year = {1989}
}

@article{neocognitron,
  author = {Fukushima, Kunihiko},
  journal = {Biological Cybernetics},
  title = {{N}eocognitron: {A} Self-Organizing Neural Network Model for a Mechanism of Pattern Recognition Unaffected by Shift in Position},
  year = {1980}
}


@inproceedings{ghiasi2014parsing,
  title={Parsing occluded people},
  author={Ghiasi, Golnaz and Yang, Yi and Ramanan, Deva and Fowlkes, Charless C},
  booktitle=CVPR,
  year={2014}
}

@InProceedings{xiang_cvpr15,
  author       = {Yu Xiang and Wongun Choi and Yuanqing Lin and Silvio Savarese},
  title        = {Data-Driven 3D Voxel Patterns for Object Category Recognition},
  booktitle    = CVPR,
  year         = {2015}
}

@inproceedings{zia2014cars,
  title={Are cars just 3D boxes? Jointly estimating the 3D shape of multiple objects},
  author={Zia, Muhammad Zeeshan and Stark, Michael and Schindler, Konrad},
  booktitle=CVPR,
  year={2014}
}

@article{zia2014towards,
  title={Towards Scene Understanding with Detailed 3D Object Representations},
  author={Zia, M Zeeshan and Stark, Michael and Schindler, Konrad},
  journal = IJCV,
  year={2014}
}

@ARTICLE{felzens_latent_pami10,
  author = {Pedro F. Felzenszwalb and Ross B. Girshick and David McAllester and
	Deva Ramanan},
  title = {Object Detection with Discriminatively Trained Part-Based Models},
  journal = PAMI,
  year = {2010}
}

@inproceedings{krizhevsky2012imagenet,
  title={Imagenet classification with deep convolutional neural networks},
  author={Krizhevsky, Alex and Sutskever, Ilya and Hinton, Geoffrey E},
  booktitle=NIPS,
  year={2012}
}

@inproceedings{girshick2013rich,
author = {Ross Girshick and
Jeff Donahue and
Trevor Darrell and
Jitendra Malik},
title = {Rich feature hierarchies for accurate
object detection and semantic segmentation},
booktitle = CVPR,
year = {2014}
} 


@article{ittelson1951size,
  title={Size as a cue to distance: Static localization},
  author={Ittelson, William H},
  journal={The American Journal of Psychology},
  year={1951}
}

@article{baird1963retinal,
  title={Retinal and assumed size cues as determinants of size and distance perception.},
  author={Baird, JC},
  journal={Journal of Experimental Psychology},
  year={1963}
}

@article{epstein1963influence,
  title={The influence of assumed size on apparent distance},
  author={Epstein, William},
  journal={The American Journal of Psychology},
  year={1963}
}

@article{konkle2011canonical,
  title={Canonical visual size for real-world objects.},
  author={Konkle, Talia and Oliva, Aude},
  journal={Journal of Experimental Psychology: human perception and performance},
  year={2011}
}

@inproceedings{imagenet_cvpr09,
        AUTHOR = {Deng, J. and Dong, W. and Socher, R. and Li, L.-J. and Li, K. and Fei-Fei, L.},
        TITLE = {ImageNet: A Large-Scale Hierarchical Image Database},
        BOOKTITLE = CVPR,
        YEAR = {2009}
        }
        
@article{zhang2000flexible,
  title={A flexible new technique for camera calibration},
  author={Zhang, Zhengyou},
  journal=TPAMI,
  year={2000}
}

@misc{pascal-voc-2012,
	author = "Everingham, M. and Van~Gool, L. and Williams, C. K. I. and Winn, J. and Zisserman, A.",
	title = "The {PASCAL} {V}isual {O}bject {C}lasses {C}hallenge 2012 {(VOC2012)} {R}esults",
	howpublished = "http://www.pascal-network.org/challenges/VOC/voc2012/workshop/index.html"
}

@incollection{triggs2000bundle,
  title={Bundle adjustment -- a modern synthesis},
  author={Triggs, Bill and McLauchlan, Philip F and Hartley, Richard I and Fitzgibbon, Andrew W},
  booktitle={Vision algorithms: theory and practice},
  year={2000},
  publisher={Springer}
}

@inproceedings{zhou2014learning,
  title={Learning deep features for scene recognition using places database},
  author={Zhou, Bolei and Lapedriza, Agata and Xiao, Jianxiong and Torralba, Antonio and Oliva, Aude},
  booktitle=NIPS,
  year={2014}
}

@article{wang1991camera,
  title={Camera calibration by vanishing lines for 3-D computer vision},
  author={Wang, Ling-Ling and Tsai, Wen-Hsiang},
  journal=TPAMI,
  year={1991}
}

@article{caprile1990using,
  title={Using vanishing points for camera calibration},
  author={Caprile, Bruno and Torre, Vincent},
  journal=IJCV,
  year={1990}
}

%% LSM References %%

@inproceedings{spatialtrans_nips2015,
title={Spatial Transformer Networks},
author={Jaderberg, Max and Simonyan, Karen and Zisserman, Andrew and Kavukcuoglu, Koray},
booktitle={Neural Information Processing Systems (NIPS)},
year = {2015}
}

@inproceedings{kanade1995development,
  title={Development of a video-rate stereo machine},
  author={Kanade, T and Kano, H and Kimura, S and Yoshida, A and Oda, K},
  booktitle={International Conference on Intelligent Robots and Systems (IROS)},
  year={1995}
}

@inproceedings{seitz2006comparison,
  title={A comparison and evaluation of multi-view stereo reconstruction algorithms},
  author={Seitz, Steven M and Curless, Brian and Diebel, James and Scharstein, Daniel and Szeliski, Richard},
  booktitle={Conference on Computer Vision and Pattern Recognition (CVPR)},
  year={2006}
}

@article{becker1992self,
  title={Self-organizing neural network that discovers surfaces in random-dot stereograms},
  author={Becker, Suzanna and Hinton, Geoffrey E},
  journal={Nature},
  year={1992}
}

@inproceedings{kendall2017end,
  title={End-to-End Learning of Geometry and Context for Deep Stereo Regression},
  author={Kendall, Alex and Martirosyan, Hayk and Dasgupta, Saumitro and Henry, Peter and Kennedy, Ryan and Bachrach, Abraham and Bry, Adam},
  booktitle = {International Conference on Computer Vision (ICCV)},
  year={2017}
}

@inproceedings{choy20163d,
  title={3d-r2n2: A unified approach for single and multi-view 3d object reconstruction},
  author={Choy, Christopher B and Xu, Danfei and Gwak, JunYoung and Chen, Kevin and Savarese, Silvio},
  booktitle={European Conference on Computer Vision (ECCV)},
  year={2016}
}

@article{hochreiter1997long,
  title={Long short-term memory},
  author={Hochreiter, Sepp and Schmidhuber, J{\"u}rgen},
  journal={Neural computation},
  year={1997}
}


@incollection{marr1976cooperative,
  title={Cooperative computation of stereo disparity},
  author={Marr, David and Poggio, Tomaso},
  booktitle={From the Retina to the Neocortex},
  pages={239-243},
  year={1976}
}

@article{scharstein2002taxonomy,
  title={A taxonomy and evaluation of dense two-frame stereo correspondence algorithms},
  author={Scharstein, Daniel and Szeliski, Richard},
  journal={International Journal of Computer Vision (IJCV)},
  volume={47},
  number={1-3},
  pages={7--42},
  year={2002}
}

@article{laurentini1994visual,
  title={The visual hull concept for silhouette-based image understanding},
  author={Laurentini, Aldo},
  journal={Transactions on Pattern Analysis and Machine Intelligence (TPAMI)},
  volume={16},
  number={2},
  pages={150--162},
  year={1994}
}

@article{kutulakos2000theory,
  title={A theory of shape by space carving},
  author={Kutulakos, Kiriakos N and Seitz, Steven M},
  journal={International Journal of Computer Vision (IJCV)},
  volume={38},
  number={3},
  pages={199--218},
  year={2000}
}

@inproceedings{vogiatzis2005multi,
  title={Multi-view stereo via volumetric graph-cuts},
  author={Vogiatzis, George and Torr, Philip HS and Cipolla, Roberto},
  booktitle={Conference on Computer Vision and Pattern Recognition (CVPR)},
  year={2005}
}

@inproceedings{sinha2007multi,
  title={Multi-view stereo via graph cuts on the dual of an adaptive tetrahedral mesh},
  author={Sinha, Sudipta N and Mordohai, Philippos and Pollefeys, Marc},
  booktitle={International Conference on Computer Vision (ICCV)},
  year={2007}
}

@article{cremers2011multiview,
  title={Multiview stereo and silhouette consistency via convex functionals over convex domains},
  author={Cremers, Daniel and Kolev, Kalin},
  journal={Transactions on Pattern Analysis and Machine Intelligence (TPAMI)},
  volume={33},
  number={6},
  pages={1161--1174},
  year={2011}
}

@inproceedings{gargallo2007minimizing,
  title={Minimizing the reprojection error in surface reconstruction from images},
  author={Gargallo, Pau and Prados, Emmanuel and Sturm, Peter},
  booktitle={International Conference on Computer Vision (ICCV)},
  pages={1--8},
  year={2007}
}

@inproceedings{pollard2007change,
  title={Change detection in a 3-d world},
  author={Pollard, Thomas and Mundy, Joseph L},
  booktitle={Conference on Computer Vision and Pattern Recognition (CVPR)},
  year={2007}
}

@article{liu2014statistical,
  title={Statistical inverse ray tracing for image-based 3d modeling},
  author={Liu, Shubao and Cooper, David B},
  journal={Transactions on Pattern Analysis and Machine Intelligence (TPAMI)},
  volume={36},
  number={10},
  pages={2074--2088},
  year={2014}
}

@inproceedings{ulusoy2015towards,
  title={Towards probabilistic volumetric reconstruction using ray potentials},
  author={Ulusoy, Ali Osman and Geiger, Andreas and Black, Michael J},
  booktitle={International Conference on 3D Vision (3DV)},
  year={2015}
}

@inproceedings{collins1996space,
  title={A space-sweep approach to true multi-image matching},
  author={Collins, Robert T},
  booktitle={Conference on Computer Vision and Pattern Recognition (CVPR)},
  year={1996}
}

@inproceedings{yang2003real,
  title={Real-Time Consensus-Based Scene Reconstruction Using Commodity Graphics Hardware},
  author={Yang, Ruigang and Welch, Greg and Bishop, Gary},
  booktitle={Computer Graphics Forum},
  year={2003}
}

@article{pollefeys2004visual,
  title={Visual modeling with a hand-held camera},
  author={Pollefeys, Marc and Van Gool, Luc and Vergauwen, Maarten and Verbiest, Frank and Cornelis, Kurt and Tops, Jan and Koch, Reinhard},
  journal={International Journal of Computer Vision (IJCV)},
  volume={59},
  number={3},
  pages={207--232},
  year={2004}
}

@article{pollefeys2008detailed,
  title={Detailed real-time urban 3d reconstruction from video},
  author={Pollefeys, Marc and Nist{\'e}r, David and Frahm, J-M and Akbarzadeh, Amir and Mordohai, Philippos and Clipp, Brian and Engels, Chris and Gallup, David and Kim, S-J and Merrell, Paul and Salmi, C. and Sinha, S. and Talton, B. and Wang, L. and Yang, Q. and Stewenius, H. and Yang, R. and Welch, G. and Towles, H.},
  journal={International Journal of Computer Vision (IJCV)},
  volume={78},
  number={2},
  pages={143--167},
  year={2008}
}

@inproceedings{merrell2007real,
  title={Real-time visibility-based fusion of depth maps},
  author={Merrell, Paul and Akbarzadeh, Amir and Wang, Liang and Mordohai, Philippos and Frahm, Jan-Michael and Yang, Ruigang and Nist{\'e}r, David and Pollefeys, Marc},
  booktitle={International Conference on Computer Vision (ICCV)},
  year={2007}
}

@inproceedings{curless1996volumetric,
  title={A volumetric method for building complex models from range images},
  author={Curless, Brian and Levoy, Marc},
  booktitle={Conference on Computer Graphics and Interactive Techniques},
  year={1996}
}

@inproceedings{lempitsky2007global,
  title={Global optimization for shape fitting},
  author={Lempitsky, Victor and Boykov, Yuri},
  booktitle={Conference on Computer Vision and Pattern Recognition, (CVPR)},
  year={2007}
}

@inproceedings{zach2007globally,
  title={A globally optimal algorithm for robust TV-L 1 range image integration},
  author={Zach, Christopher and Pock, Thomas and Bischof, Horst},
  booktitle={International Conference on Computer Vision, (ICCV)},
  year={2007}
}

@inproceedings{labatut2007efficient,
  title={Efficient multi-view reconstruction of large-scale scenes using interest points, delaunay triangulation and graph cuts},
  author={Labatut, Patrick and Pons, Jean-Philippe and Keriven, Renaud},
  booktitle={International Conference on Computer Vision, (ICCV)},
  year={2007}
}

@article{lhuillier2005quasi,
  title={A quasi-dense approach to surface reconstruction from uncalibrated images},
  author={Lhuillier, Maxime and Quan, Long},
  journal={Transactions on Pattern Analysis and Machine Intelligence (TPAMI)},
  year={2005}
}

@inproceedings{blanz1999morphable,
  title={A morphable model for the synthesis of 3D faces},
  author={Blanz, Volker and Vetter, Thomas},
  booktitle={Conference on Computer Graphics and Interactive Techniques},
  year={1999}
}

@inproceedings{dame2013dense,
  title={Dense reconstruction using 3D object shape priors},
  author={Dame, Amaury and Prisacariu, Victor A and Ren, Carl Y and Reid, Ian},
  booktitle={Conference on Computer Vision and Pattern Recognition (CVPR)},
  year={2013}
}

@inproceedings{yingze2013dense,
  title={Dense object reconstruction with semantic priors},
  author={Yingze Bao, Sid and Chandraker, Manmohan and Lin, Yuanqing and Savarese, Silvio},
  booktitle={Conference on Computer Vision and Pattern Recognition (CVPR)},
  year={2013}
}

@inproceedings{hane2014class,
  title={Class specific 3d object shape priors using surface normals},
  author={H{\"a}ne, Christian and Savinov, Nikolay and Pollefeys, Marc},
  booktitle={Conference on Computer Vision and Pattern Recognition (CVPR)},
  year={2014}
}

@inproceedings{hane2013joint,
  title={Joint 3D scene reconstruction and class segmentation},
  author={H{\"a}ne, Christian and Zach, Christopher and Cohen, Andrea and Angst, Roland and Pollefeys, Marc},
  booktitle={Conference on Computer Vision and Pattern Recognition (CVPR)},
  year={2013}
}

@article{haene2016dense,
  title={Dense Semantic 3D Reconstruction},
  author={Haene, Christian and Zach, Christopher and Cohen, Andrea and Pollefeys, Marc},
  journal={Transactions on Pattern Analysis and Machine Intelligence (TPAMI)},
  year={2016}
}

@inproceedings{kar2015category,
  title={Category-specific object reconstruction from a single image},
  author={Kar, Abhishek and Tulsiani, Shubham and Carreira, Joao and Malik, Jitendra},
  booktitle={Conference on Computer Vision and Pattern Recognition (CVPR)},
  year={2015}
}

@inproceedings{saxena2007depth,
  title={Depth Estimation Using Monocular and Stereo Cues.},
  author={Saxena, Ashutosh and Schulte, Jamie and Ng, Andrew Y},
  booktitle={Neural Information Processing Systems (NIPS)},
  year={2005}
}

@inproceedings{ladicky2014pulling,
  title={Pulling things out of perspective},
  author={Ladicky, Lubor and Shi, Jianbo and Pollefeys, Marc},
  booktitle={Conference on Computer Vision and Pattern Recognition (CVPR)},
  year={2014}
}

@inproceedings{eigen2014depth,
  title={Depth map prediction from a single image using a multi-scale deep network},
  author={Eigen, David and Puhrsch, Christian and Fergus, Rob},
  booktitle={Neural Information Processing Systems (NIPS)},
  year={2014}
}

@inproceedings{garg2016unsupervised,
  title={Unsupervised CNN for single view depth estimation: Geometry to the rescue},
  author={Garg, Ravi and Carneiro, Gustavo and Reid, Ian},
  booktitle={European Conference on Computer Vision (ECCV)},
  year={2016}
}

@inproceedings{girdhar2016learning,
  title={Learning a predictable and generative vector representation for objects},
  author={Girdhar, Rohit and Fouhey, David F and Rodriguez, Mikel and Gupta, Abhinav},
  booktitle={European Conference on Computer Vision (ECCV)},
  year={2016},
}

@inproceedings{sinha2016deep,
  title={Deep learning 3D shape surfaces using geometry images},
  author={Sinha, Ayan and Bai, Jing and Ramani, Karthik},
  booktitle={European Conference on Computer Vision (ECCV)},
  year={2016}
}

@inproceedings{fan2016point,
  title={A Point Set Generation Network for 3D Object Reconstruction from a Single Image},
  author={Fan, Haoqiang and Su, Hao and Guibas, Leonidas},
  booktitle={Conference on Computer Vision and Pattern Recognition (CVPR)},
  year={2017}
}

@inproceedings{yan2016perspective,
  title={Perspective transformer nets: Learning single-view 3d object reconstruction without 3d supervision},
  author={Yan, Xinchen and Yang, Jimei and Yumer, Ersin and Guo, Yijie and Lee, Honglak},
  booktitle={Neural Information Processing Systems (NIPS)},
  year={2016}
}

@inproceedings{tulsiani2017multi,
  title={Multi-view supervision for single-view reconstruction via differentiable ray consistency},
  author={Tulsiani, Shubham and Zhou, Tinghui and Efros, Alexei A and Malik, Jitendra},
  booktitle={Conference on Computer Vision and Pattern Recognition (CVPR)},
  year={2017}
}

@inproceedings{rezende2016unsupervised,
  title={Unsupervised learning of 3d structure from images},
  author={Rezende, Danilo Jimenez and Eslami, SM Ali and Mohamed, Shakir and Battaglia, Peter and Jaderberg, Max and Heess, Nicolas},
  booktitle={Neural Information Processing Systems (NIPS)},
  year={2016}
}

@inproceedings{tatarchenko2016multi,
  title={Multi-view 3d models from single images with a convolutional network},
  author={Tatarchenko, Maxim and Dosovitskiy, Alexey and Brox, Thomas},
  booktitle={European Conference on Computer Vision (ECCV)},
  year={2016}
}

@inproceedings{unet_2015,
  author       = "O. Ronneberger and P.Fischer and T. Brox",
  title        = "U-Net: Convolutional Networks for Biomedical Image Segmentation",
  booktitle    = "Medical Image Computing and Computer-Assisted Intervention (MICCAI)",
  year         = "2015"
}

@inproceedings{chogru_2014,
  title={Learning Phrase Representations using RNN Encoder-Decoder for Statistical Machine Translation},
  author={Cho, Kyunghyun and van Merrienboer, Bart and Gulcehre, Caglar and Bougares, Fethi and Schwenk, Holger and Bengio, Yoshua},
  booktitle={Conference on Empirical Methods in Natural Language Processing (EMNLP 2014)},
  year={2014}
}

@inproceedings{debevec2012light,
  title={The light stages and their applications to photoreal digital actors},
  author={Debevec, Paul},
  booktitle={{SIGGRAPH} {Asia}},
    year = {2012},
}

@inproceedings{hane2014real,
  title={Real-time direct dense matching on fisheye images using plane-sweeping stereo},
  author={H{\"a}ne, Christian and Heng, Lionel and Lee, Gim Hee and Sizov, Alexey and Pollefeys, Marc},
  booktitle={International Conference on 3D Vision (3DV)},
  year={2014}
}

@inproceedings{flynn2016deepstereo,
  title={DeepStereo: Learning to predict new views from the world's imagery},
  author={Flynn, John and Neulander, Ivan and Philbin, James and Snavely, Noah},
  booktitle={Conference on Computer Vision and Pattern Recognition (CVPR)},
  year={2016}
}

@article{shapenet2015,
  title={ShapeNet: An Information-Rich 3D Model Repository},
  author={Chang, Angel X. and Funkhouser, Thomas and Guibas, Leonidas and Hanrahan, Pat and Huang, Qixing and Li, Zimo and Savarese, Silvio and Savva, Manolis and Song, Shuran and Su, Hao and Xiao, Jianxiong and Yi, Li and Yu, Fisher},
  journal={arXiv preprint arXiv:1512.03012},
  year= {2015}
}

@article{dosovitskiy2017learning,
  title={Learning to generate chairs, tables and cars with convolutional networks},
  author={Dosovitskiy, Alexey and Springenberg, Jost Tobias and Tatarchenko, Maxim and Brox, Thomas},
  journal={Transactions on Pattern Analysis and Machine Intelligence (TPAMI)},
  year={2017}
}

@inproceedings{riegler2017octnetfusion,
  title={OctNetFusion: Learning Depth Fusion from Data},
  author={Riegler, Gernot and Ulusoy, Ali Osman and Bischof, Horst and Geiger, Andreas},
  booktitle={International Conference on 3D Vision (3DV)},
  year={2017}
}

@inproceedings{hane2017hierarchical,
  title={Hierarchical Surface Prediction for 3D Object Reconstruction},
  author={H{\"a}ne, Christian and Tulsiani, Shubham and Malik, Jitendra},
  booktitle={International Conference on 3D Vision (3DV)},
  year={2017}
}

@article{Ba2016LayerN,
  title={Layer Normalization},
  author={Jimmy Ba and Jamie Ryan Kiros and Geoffrey E. Hinton},
  journal={CoRR},
  year={2016},
  volume={abs/1607.06450}
}

@article{zbontar2016stereo,
  title={Stereo matching by training a convolutional neural network to compare image patches},
  author={Zbontar, Jure and LeCun, Yann},
  journal={Journal of Machine Learning Research (JMLR)},
  volume={17},
  number={1-32},
  pages={2},
  year={2016}
}

@InProceedings{Han_2015_CVPR,
author = {Han, Xufeng and Leung, Thomas and Jia, Yangqing and Sukthankar, Rahul and Berg, Alexander C.},
title = {MatchNet: Unifying Feature and Metric Learning for Patch-Based Matching},
booktitle={Conference on Computer Vision and Pattern Recognition (CVPR)},
year = {2015}
} 

@inproceedings{mayer2016large,
  title={A large dataset to train convolutional networks for disparity, optical flow, and scene flow estimation},
  author={Mayer, Nikolaus and Ilg, Eddy and Hausser, Philip and Fischer, Philipp and Cremers, Daniel and Dosovitskiy, Alexey and Brox, Thomas},
  booktitle={Conference on Computer Vision and Pattern Recognition (CVPR)},
  year={2016}
}

@inproceedings{zhou2017unsupervised,
    author = {Zhou, Tinghui and Brown, Matthew and Snavely, Noah and Lowe, David G.},
    title = {Unsupervised Learning of Depth and Ego-Motion from Video},
    booktitle={Conference on Computer Vision and Pattern Recognition (CVPR)},
    year = {2017}
}

@inproceedings{hartmann2017multi,
  author    = {Wilfried Hartmann and
               Silvano Galliani and
               Michal Havlena and
               Konrad Schindler and
               Luc Van Gool},
  title     = {Learned Multi-patch Similarity},
  booktitle={International Conference on Computer Vision, (ICCV)},
  year      = {2017}
}

@article{FuruPMVS2010,
  author    = "Yasutaka Furukawa and Jean Ponce",
  title     = "Accurate, Dense, and Robust Multi-View Stereopsis",
  journal={Transactions on Pattern Analysis and Machine Intelligence (TPAMI)},
  year = "2010"
}

@inproceedings{savinov2016semantic,
  title={Semantic 3d reconstruction with continuous regularization and ray potentials using a visibility consistency constraint},
  author={Savinov, Nikolay and H\"ane, Christian and Ladicky, Lubor and Pollefeys, Marc},
  booktitle={Conference on Computer Vision and Pattern Recognition (CVPR)},
  year={2016}
}

@article{pamishapeTulsianiKCM15,
author = {Shubham Tulsiani and
Abhishek Kar and
Jo{\~{a}}o Carreira and
Jitendra Malik},
title = {Learning Category-Specific Deformable 3D
Models for Object Reconstruction},
journal={Transactions on Pattern Analysis and Machine Intelligence (TPAMI)},
year = {2016},
}